<?xml version="1.0" encoding="UTF-8"?>
   <collection xmlns="http://www.loc.gov/MARC21/slim">
      <record>
         <leader>00000nz  a2200169   4500</leader>
         <controlfield tag="001">30003619</controlfield>
         <controlfield tag="003">RISM</controlfield>
         <controlfield tag="005">20160216</controlfield>
         <controlfield tag="008">160216n||az|||||||##########||||||||||||</controlfield>
         <datafield tag="040" ind1=" " ind2=" ">
            <subfield code="a">AUS-ACai</subfield>
         </datafield>
         <datafield tag="043" ind1=" " ind2=" ">
            <subfield code="c">XE-AU</subfield>
         </datafield>
         <datafield tag="110" ind1="2" ind2=" ">
            <subfield code="a">Australian Institute of Aboriginal Studies, Library</subfield>
            <subfield code="c">Acton</subfield>
            <subfield code="g">AUS-ACai</subfield>
         </datafield>
         <datafield tag="622" ind1=" " ind2=" ">
            <subfield code="e">Australian Institute of Aboriginal, Studies, Library, Acton House, Kendall Street, AUS-Acton, 2601 (P. O. Box 553, Canberra City 2601)</subfield>
         </datafield>
      </record>