
      <record>
         <leader>00000nz  a2200169   4500</leader>
         <controlfield tag="001">30000415</controlfield>
         <controlfield tag="003">RISM</controlfield>
         <controlfield tag="005">20160216</controlfield>
         <controlfield tag="008">160216n||az|||||||##########||||||||||||</controlfield>
         <datafield tag="040" ind1=" " ind2=" ">
            <subfield code="a">AUS-ADsl</subfield>
         </datafield>
         <datafield tag="043" ind1=" " ind2=" ">
            <subfield code="c">XE-AU</subfield>
         </datafield>
         <datafield tag="110" ind1="2" ind2=" ">
            <subfield code="a">State Library of South Australia</subfield>
            <subfield code="c">Adelaide</subfield>
            <subfield code="g">AUS-ADsl</subfield>
         </datafield>
         <datafield tag="410" ind1="2" ind2=" ">
            <subfield code="a">Public Library of South Australia</subfield>
         </datafield>
         <datafield tag="622" ind1=" " ind2=" ">
            <subfield code="e">State Library of South Australia, North Terrace, Adelaide 5000 (P. O. Box, 419, Adelaide 5001)</subfield>
         </datafield>
      </record>