
      <record>
         <leader>00000nz  a2200169   4500</leader>
         <controlfield tag="001">30000416</controlfield>
         <controlfield tag="003">RISM</controlfield>
         <controlfield tag="005">20160216</controlfield>
         <controlfield tag="008">160216n||az|||||||##########||||||||||||</controlfield>
         <datafield tag="040" ind1=" " ind2=" ">
            <subfield code="a">AUS-ADus</subfield>
         </datafield>
         <datafield tag="043" ind1=" " ind2=" ">
            <subfield code="c">XE-AU</subfield>
         </datafield>
         <datafield tag="110" ind1="2" ind2=" ">
            <subfield code="a">University of Adelaide, Barr Smith Library</subfield>
            <subfield code="c">Adelaide</subfield>
            <subfield code="g">AUS-ADus</subfield>
         </datafield>
         <datafield tag="622" ind1=" " ind2=" ">
            <subfield code="e">University of Adelaide, Barr Smith,  Library, Adelaide SA 5001, Australia</subfield>
            <subfield code="u">http://www.adelaide.edu.au/library/</subfield>
         </datafield>
      </record>