
      <record>
         <leader>00000nz  a2200169   4500</leader>
         <controlfield tag="001">30003621</controlfield>
         <controlfield tag="003">RISM</controlfield>
         <controlfield tag="005">20160216</controlfield>
         <controlfield tag="008">160216n||az|||||||##########||||||||||||</controlfield>
         <datafield tag="040" ind1=" " ind2=" ">
            <subfield code="a">AUS-ARanderson</subfield>
         </datafield>
         <datafield tag="043" ind1=" " ind2=" ">
            <subfield code="c">XE-AU</subfield>
         </datafield>
         <datafield tag="110" ind1="2" ind2=" ">
            <subfield code="a">Prof. Gordon Athol Anderson, private library</subfield>
            <subfield code="c">Armidale</subfield>
            <subfield code="g">AUS-ARanderson</subfield>
         </datafield>
         <datafield tag="410" ind1="2" ind2=" ">
            <subfield code="a">Anderson, Prof. Gordon Athol, private library</subfield>
         </datafield>
         <datafield tag="622" ind1=" " ind2=" ">
            <subfield code="e">Prof. Gordon Athol Anderson, private, library, Department of Music, University of New, England, Armidale 2351</subfield>
         </datafield>
      </record>