
      <record>
         <leader>00000nz  a2200169   4500</leader>
         <controlfield tag="001">30000417</controlfield>
         <controlfield tag="003">RISM</controlfield>
         <controlfield tag="005">20160216</controlfield>
         <controlfield tag="008">160216n||az|||||||##########||||||||||||</controlfield>
         <datafield tag="040" ind1=" " ind2=" ">
            <subfield code="a">AUS-ARu</subfield>
         </datafield>
         <datafield tag="043" ind1=" " ind2=" ">
            <subfield code="c">XE-AU</subfield>
         </datafield>
         <datafield tag="110" ind1="2" ind2=" ">
            <subfield code="a">University of New England, University Library</subfield>
            <subfield code="c">Armidale</subfield>
            <subfield code="g">AUS-ARu</subfield>
         </datafield>
         <datafield tag="410" ind1="2" ind2=" ">
            <subfield code="a">University of New England, Dixson Library</subfield>
         </datafield>
         <datafield tag="410" ind1="2" ind2=" ">
            <subfield code="a">New England University College</subfield>
         </datafield>
         <datafield tag="622" ind1=" " ind2=" ">
            <subfield code="e">University of New England, University, Library, NSW 2351 Armidale, Australia</subfield>
            <subfield code="u">http://www.une.edu.au/library/</subfield>
         </datafield>
      </record>