
      <record>
         <leader>00000nz  a2200169   4500</leader>
         <controlfield tag="001">30003622</controlfield>
         <controlfield tag="003">RISM</controlfield>
         <controlfield tag="005">20160216</controlfield>
         <controlfield tag="008">160216n||az|||||||##########||||||||||||</controlfield>
         <datafield tag="040" ind1=" " ind2=" ">
            <subfield code="a">AUS-ARum</subfield>
         </datafield>
         <datafield tag="043" ind1=" " ind2=" ">
            <subfield code="c">XE-AU</subfield>
         </datafield>
         <datafield tag="110" ind1="2" ind2=" ">
            <subfield code="a">Department of Music, University of New England, Library</subfield>
            <subfield code="c">Armidale</subfield>
            <subfield code="g">AUS-ARum</subfield>
         </datafield>
         <datafield tag="622" ind1=" " ind2=" ">
            <subfield code="e">Department of Music, University of New, England, Library, Armidale 2351</subfield>
         </datafield>
      </record>