
      <record>
         <leader>00000nz  a2200169   4500</leader>
         <controlfield tag="001">30003623</controlfield>
         <controlfield tag="003">RISM</controlfield>
         <controlfield tag="005">20160216</controlfield>
         <controlfield tag="008">160216n||az|||||||##########||||||||||||</controlfield>
         <datafield tag="040" ind1=" " ind2=" ">
            <subfield code="a">AUS-BAtl</subfield>
         </datafield>
         <datafield tag="043" ind1=" " ind2=" ">
            <subfield code="c">XE-AU</subfield>
         </datafield>
         <datafield tag="110" ind1="2" ind2=" ">
            <subfield code="a">Truskett Library, Mitchell College of Advanced Education</subfield>
            <subfield code="c">Bathurst</subfield>
            <subfield code="g">AUS-BAtl</subfield>
         </datafield>
         <datafield tag="410" ind1="2" ind2=" ">
            <subfield code="a">Bathurst Teachers College</subfield>
         </datafield>
         <datafield tag="622" ind1=" " ind2=" ">
            <subfield code="e">Truskett Library, Mitchell College of, Advanced Education, Bathurst 2795</subfield>
         </datafield>
      </record>