
      <record>
         <leader>00000nz  a2200169   4500</leader>
         <controlfield tag="001">30003625</controlfield>
         <controlfield tag="003">RISM</controlfield>
         <controlfield tag="005">20160216</controlfield>
         <controlfield tag="008">160216n||az|||||||##########||||||||||||</controlfield>
         <datafield tag="040" ind1=" " ind2=" ">
            <subfield code="a">AUS-BCcc</subfield>
         </datafield>
         <datafield tag="043" ind1=" " ind2=" ">
            <subfield code="c">XE-AU</subfield>
         </datafield>
         <datafield tag="110" ind1="2" ind2=" ">
            <subfield code="a">Canberra College of Advanced Education, Library</subfield>
            <subfield code="c">Belconnen</subfield>
            <subfield code="g">AUS-BCcc</subfield>
         </datafield>
         <datafield tag="622" ind1=" " ind2=" ">
            <subfield code="e">Canberra College of Advanced Education,, Library, P. O. Box 1, Belconnen 2616</subfield>
         </datafield>
      </record>