
      <record>
         <leader>00000nz  a2200169   4500</leader>
         <controlfield tag="001">30003627</controlfield>
         <controlfield tag="003">RISM</controlfield>
         <controlfield tag="005">20160216</controlfield>
         <controlfield tag="008">160216n||az|||||||##########||||||||||||</controlfield>
         <datafield tag="040" ind1=" " ind2=" ">
            <subfield code="a">AUS-BRqc</subfield>
         </datafield>
         <datafield tag="043" ind1=" " ind2=" ">
            <subfield code="c">XE-AU</subfield>
         </datafield>
         <datafield tag="110" ind1="2" ind2=" ">
            <subfield code="a">Queensland Conservatorium of Music, Library</subfield>
            <subfield code="c">Brisbane</subfield>
            <subfield code="g">AUS-BRqc</subfield>
         </datafield>
         <datafield tag="622" ind1=" " ind2=" ">
            <subfield code="e">Queensland Conservatorium of Music,, Library, Gardens Point, George Street, Brisbane, 4000 (P. O. Box 28, North Quay 4000)</subfield>
         </datafield>
      </record>