
      <record>
         <leader>00000nz  a2200169   4500</leader>
         <controlfield tag="001">30003629</controlfield>
         <controlfield tag="003">RISM</controlfield>
         <controlfield tag="005">20160216</controlfield>
         <controlfield tag="008">160216n||az|||||||##########||||||||||||</controlfield>
         <datafield tag="040" ind1=" " ind2=" ">
            <subfield code="a">AUS-BUu</subfield>
         </datafield>
         <datafield tag="043" ind1=" " ind2=" ">
            <subfield code="c">XE-AU</subfield>
         </datafield>
         <datafield tag="110" ind1="2" ind2=" ">
            <subfield code="a">La Trobe University, Library</subfield>
            <subfield code="c">Bundoora</subfield>
            <subfield code="g">AUS-BUu</subfield>
         </datafield>
         <datafield tag="622" ind1=" " ind2=" ">
            <subfield code="e">La Trobe University, Library, Bundoora 3083</subfield>
         </datafield>
      </record>