
      <record>
         <leader>00000nz  a2200169   4500</leader>
         <controlfield tag="001">30000418</controlfield>
         <controlfield tag="003">RISM</controlfield>
         <controlfield tag="005">20160216</controlfield>
         <controlfield tag="008">160216n||az|||||||##########||||||||||||</controlfield>
         <datafield tag="040" ind1=" " ind2=" ">
            <subfield code="a">AUS-CAnl</subfield>
         </datafield>
         <datafield tag="043" ind1=" " ind2=" ">
            <subfield code="c">XE-AU</subfield>
         </datafield>
         <datafield tag="110" ind1="2" ind2=" ">
            <subfield code="a">National Library of Australia</subfield>
            <subfield code="c">Canberra</subfield>
            <subfield code="g">AUS-CAnl</subfield>
         </datafield>
         <datafield tag="410" ind1="2" ind2=" ">
            <subfield code="a">Commonwealth National Library</subfield>
         </datafield>
         <datafield tag="622" ind1=" " ind2=" ">
            <subfield code="e">National Library of Australia, ACT 2600 Canberra, Australia</subfield>
            <subfield code="u">http://www.nla.gov.au/</subfield>
         </datafield>
      </record>