
      <record>
         <leader>00000nz  a2200169   4500</leader>
         <controlfield tag="001">30003630</controlfield>
         <controlfield tag="003">RISM</controlfield>
         <controlfield tag="005">20160216</controlfield>
         <controlfield tag="008">160216n||az|||||||##########||||||||||||</controlfield>
         <datafield tag="040" ind1=" " ind2=" ">
            <subfield code="a">AUS-CAsm</subfield>
         </datafield>
         <datafield tag="043" ind1=" " ind2=" ">
            <subfield code="c">XE-AU</subfield>
         </datafield>
         <datafield tag="110" ind1="2" ind2=" ">
            <subfield code="a">Canberra School of Music (CSM)</subfield>
            <subfield code="c">Canberra</subfield>
            <subfield code="g">AUS-CAsm</subfield>
         </datafield>
         <datafield tag="622" ind1=" " ind2=" ">
            <subfield code="e">Canberra School of Music, William Herbert Place, Canberra City, 2601 (P. O. Box 804, Canberra City 2601)</subfield>
            <subfield code="u">http://www.anu.edu.au/music/</subfield>
         </datafield>
      </record>