
      <record>
         <leader>00000nz  a2200169   4500</leader>
         <controlfield tag="001">30003633</controlfield>
         <controlfield tag="003">RISM</controlfield>
         <controlfield tag="005">20160216</controlfield>
         <controlfield tag="008">160216n||az|||||||##########||||||||||||</controlfield>
         <datafield tag="040" ind1=" " ind2=" ">
            <subfield code="a">AUS-HOtc</subfield>
         </datafield>
         <datafield tag="043" ind1=" " ind2=" ">
            <subfield code="c">XE-AU</subfield>
         </datafield>
         <datafield tag="110" ind1="2" ind2=" ">
            <subfield code="a">Tasmanian College of Advanced Education</subfield>
            <subfield code="c">Hobart</subfield>
            <subfield code="g">AUS-HOtc</subfield>
         </datafield>
         <datafield tag="410" ind1="2" ind2=" ">
            <subfield code="a">Tasmanian Conservatorium of Music</subfield>
         </datafield>
         <datafield tag="622" ind1=" " ind2=" ">
            <subfield code="e">Tasmanian College of Advanced Education, Box 1415P, G. P. O. Hobart 7001</subfield>
         </datafield>
      </record>