
      <record>
         <leader>00000nz  a2200169   4500</leader>
         <controlfield tag="001">30003634</controlfield>
         <controlfield tag="003">RISM</controlfield>
         <controlfield tag="005">20160216</controlfield>
         <controlfield tag="008">160216n||az|||||||##########||||||||||||</controlfield>
         <datafield tag="040" ind1=" " ind2=" ">
            <subfield code="a">AUS-HOu</subfield>
         </datafield>
         <datafield tag="043" ind1=" " ind2=" ">
            <subfield code="c">XE-AU</subfield>
         </datafield>
         <datafield tag="110" ind1="2" ind2=" ">
            <subfield code="a">University of Tasmania</subfield>
            <subfield code="c">Hobart</subfield>
            <subfield code="g">AUS-HOu</subfield>
         </datafield>
         <datafield tag="622" ind1=" " ind2=" ">
            <subfield code="e">University of Tasmania, Sandy Bay Road, Sandy Bay, Hobart 7005, (P. O. Box 252C, Hobart 7001)</subfield>
         </datafield>
      </record>