
      <record>
         <leader>00000nz  a2200169   4500</leader>
         <controlfield tag="001">30003635</controlfield>
         <controlfield tag="003">RISM</controlfield>
         <controlfield tag="005">20160216</controlfield>
         <controlfield tag="008">160216n||az|||||||##########||||||||||||</controlfield>
         <datafield tag="040" ind1=" " ind2=" ">
            <subfield code="a">AUS-KEu</subfield>
         </datafield>
         <datafield tag="043" ind1=" " ind2=" ">
            <subfield code="c">XE-AU</subfield>
         </datafield>
         <datafield tag="110" ind1="2" ind2=" ">
            <subfield code="a">University of New South Wales, Library</subfield>
            <subfield code="c">Kensington</subfield>
            <subfield code="g">AUS-KEu</subfield>
         </datafield>
         <datafield tag="410" ind1="2" ind2=" ">
            <subfield code="a">New South Wales University of Technology</subfield>
         </datafield>
         <datafield tag="622" ind1=" " ind2=" ">
            <subfield code="e">University of New South Wales, Library, P. O. Box 1, Kensington 2033</subfield>
         </datafield>
      </record>