
      <record>
         <leader>00000nz  a2200169   4500</leader>
         <controlfield tag="001">30003636</controlfield>
         <controlfield tag="003">RISM</controlfield>
         <controlfield tag="005">20160216</controlfield>
         <controlfield tag="008">160216n||az|||||||##########||||||||||||</controlfield>
         <datafield tag="040" ind1=" " ind2=" ">
            <subfield code="a">AUS-KIp</subfield>
         </datafield>
         <datafield tag="043" ind1=" " ind2=" ">
            <subfield code="c">XE-AU</subfield>
         </datafield>
         <datafield tag="110" ind1="2" ind2=" ">
            <subfield code="a">Canberra Public Library Service</subfield>
            <subfield code="c">Kingston</subfield>
            <subfield code="g">AUS-KIp</subfield>
         </datafield>
         <datafield tag="622" ind1=" " ind2=" ">
            <subfield code="e">Canberra Public Library Service, 74 Leichhardt Street, Kingston 2604</subfield>
         </datafield>
      </record>