
      <record>
         <leader>00000nz  a2200169   4500</leader>
         <controlfield tag="001">30003637</controlfield>
         <controlfield tag="003">RISM</controlfield>
         <controlfield tag="005">20160216</controlfield>
         <controlfield tag="008">160216n||az|||||||##########||||||||||||</controlfield>
         <datafield tag="040" ind1=" " ind2=" ">
            <subfield code="a">AUS-LFfa</subfield>
         </datafield>
         <datafield tag="043" ind1=" " ind2=" ">
            <subfield code="c">XE-AU</subfield>
         </datafield>
         <datafield tag="110" ind1="2" ind2=" ">
            <subfield code="a">Film Australia, Library</subfield>
            <subfield code="c">Lindfield</subfield>
            <subfield code="g">AUS-LFfa</subfield>
         </datafield>
         <datafield tag="410" ind1="2" ind2=" ">
            <subfield code="a">Department of the Interior-Film Division</subfield>
         </datafield>
         <datafield tag="410" ind1="2" ind2=" ">
            <subfield code="a">Commonwealth Film Unit</subfield>
         </datafield>
         <datafield tag="622" ind1=" " ind2=" ">
            <subfield code="e">Film Australia, Library, Eton Road, Lindfield 2070 (P. O. Box, 46, Lindfield 2070)</subfield>
         </datafield>
      </record>