
      <record>
         <leader>00000nz  a2200169   4500</leader>
         <controlfield tag="001">30003638</controlfield>
         <controlfield tag="003">RISM</controlfield>
         <controlfield tag="005">20160216</controlfield>
         <controlfield tag="008">160216n||az|||||||##########||||||||||||</controlfield>
         <datafield tag="040" ind1=" " ind2=" ">
            <subfield code="a">AUS-LMnc</subfield>
         </datafield>
         <datafield tag="043" ind1=" " ind2=" ">
            <subfield code="c">XE-AU</subfield>
         </datafield>
         <datafield tag="110" ind1="2" ind2=" ">
            <subfield code="a">Northern Rivers College of Advanced Education, Library</subfield>
            <subfield code="c">Lismore</subfield>
            <subfield code="g">AUS-LMnc</subfield>
         </datafield>
         <datafield tag="410" ind1="2" ind2=" ">
            <subfield code="a">Lismore Teachers College</subfield>
         </datafield>
         <datafield tag="622" ind1=" " ind2=" ">
            <subfield code="e">Northern Rivers College of Advanced, Education, Library, P. O. Box 157, Lismore 2480</subfield>
         </datafield>
      </record>