
      <record>
         <leader>00000nz  a2200169   4500</leader>
         <controlfield tag="001">30078560</controlfield>
         <controlfield tag="003">RISM</controlfield>
         <controlfield tag="005">20160216</controlfield>
         <controlfield tag="008">160216n||az|||||||##########||||||||||||</controlfield>
         <datafield tag="040" ind1=" " ind2=" ">
            <subfield code="a">AUS-Mlpml</subfield>
         </datafield>
         <datafield tag="043" ind1=" " ind2=" ">
            <subfield code="c">AU</subfield>
         </datafield>
         <datafield tag="110" ind1="2" ind2=" ">
            <subfield code="a">University of Melbourne Library - Lenton Parr Music, Visual and Performing Arts Library</subfield>
            <subfield code="c">Melbourne</subfield>
            <subfield code="g">AUS-Mlpml</subfield>
         </datafield>
         <datafield tag="622" ind1=" " ind2=" ">
            <subfield code="e">University of Melbourne Library - Lenton,  Parr Music, Visual and Performing Arts,  Library, Southbank campus, Hub Building, Melbourne-Southbank 3006, Australia</subfield>
            <subfield code="u">http://www.library.unimelb.edu.au/libraries/lenton_parr</subfield>
         </datafield>
      </record>