
      <record>
         <leader>00000nz  a2200169   4500</leader>
         <controlfield tag="001">30078208</controlfield>
         <controlfield tag="003">RISM</controlfield>
         <controlfield tag="005">20160216</controlfield>
         <controlfield tag="008">160216n||az|||||||##########||||||||||||</controlfield>
         <datafield tag="040" ind1=" " ind2=" ">
            <subfield code="a">AUS-Mml</subfield>
         </datafield>
         <datafield tag="043" ind1=" " ind2=" ">
            <subfield code="c">AU</subfield>
         </datafield>
         <datafield tag="110" ind1="2" ind2=" ">
            <subfield code="a">University of Melbourne Library - Louise Hanson-Dyer Music Library</subfield>
            <subfield code="c">Melbourne-Parkville</subfield>
            <subfield code="g">AUS-Mml</subfield>
         </datafield>
         <datafield tag="622" ind1=" " ind2=" ">
            <subfield code="e">University of Melbourne Library - Louise,  Hanson-Dyer Music Library, Parkville Campus, 3rd floor Arts West, Building 148, Melbourne-Parkville 3052, Australia</subfield>
            <subfield code="u">http://www.lib.unimelb.edu.au/collections/music/</subfield>
         </datafield>
      </record>