
      <record>
         <leader>00000nz  a2200169   4500</leader>
         <controlfield tag="001">30000419</controlfield>
         <controlfield tag="003">RISM</controlfield>
         <controlfield tag="005">20160216</controlfield>
         <controlfield tag="008">160216n||az|||||||##########||||||||||||</controlfield>
         <datafield tag="040" ind1=" " ind2=" ">
            <subfield code="a">AUS-Msl</subfield>
         </datafield>
         <datafield tag="043" ind1=" " ind2=" ">
            <subfield code="c">XE-AU</subfield>
         </datafield>
         <datafield tag="110" ind1="2" ind2=" ">
            <subfield code="a">State Library of Victoria</subfield>
            <subfield code="c">Melbourne</subfield>
            <subfield code="g">AUS-Msl</subfield>
         </datafield>
         <datafield tag="410" ind1="2" ind2=" ">
            <subfield code="a">Public Library of Victoria</subfield>
         </datafield>
         <datafield tag="622" ind1=" " ind2=" ">
            <subfield code="e">State Library of Victoria, 328 Swanston Street, Melbourne 3000</subfield>
            <subfield code="u">http://www.slv.vic.gov.au</subfield>
         </datafield>
      </record>