
      <record>
         <leader>00000nz  a2200169   4500</leader>
         <controlfield tag="001">30003641</controlfield>
         <controlfield tag="003">RISM</controlfield>
         <controlfield tag="005">20160216</controlfield>
         <controlfield tag="008">160216n||az|||||||##########||||||||||||</controlfield>
         <datafield tag="040" ind1=" " ind2=" ">
            <subfield code="a">AUS-NCcm</subfield>
         </datafield>
         <datafield tag="043" ind1=" " ind2=" ">
            <subfield code="c">XE-AU</subfield>
         </datafield>
         <datafield tag="110" ind1="2" ind2=" ">
            <subfield code="a">New South Wales State Conservatorium of Music (Newcastle Branch), Library</subfield>
            <subfield code="c">Newcastle</subfield>
            <subfield code="g">AUS-NCcm</subfield>
         </datafield>
         <datafield tag="622" ind1=" " ind2=" ">
            <subfield code="e">New South Wales State Conservatorium of, Music (Newcastle Branch), Library, Laman Street, Newcastle 2300</subfield>
         </datafield>
      </record>