
      <record>
         <leader>00000nz  a2200169   4500</leader>
         <controlfield tag="001">30003640</controlfield>
         <controlfield tag="003">RISM</controlfield>
         <controlfield tag="005">20160216</controlfield>
         <controlfield tag="008">160216n||az|||||||##########||||||||||||</controlfield>
         <datafield tag="040" ind1=" " ind2=" ">
            <subfield code="a">AUS-NLrl</subfield>
         </datafield>
         <datafield tag="043" ind1=" " ind2=" ">
            <subfield code="c">XE-AU</subfield>
         </datafield>
         <datafield tag="110" ind1="2" ind2=" ">
            <subfield code="a">Reid Library, University of Western Australia</subfield>
            <subfield code="c">Nedlands</subfield>
            <subfield code="g">AUS-NLrl</subfield>
         </datafield>
         <datafield tag="622" ind1=" " ind2=" ">
            <subfield code="e">Reid Library, University of Western, Australia, Nedlands 6009</subfield>
         </datafield>
      </record>