
      <record>
         <leader>00000nz  a2200169   4500</leader>
         <controlfield tag="001">30000421</controlfield>
         <controlfield tag="003">RISM</controlfield>
         <controlfield tag="005">20160216</controlfield>
         <controlfield tag="008">160216n||az|||||||##########||||||||||||</controlfield>
         <datafield tag="040" ind1=" " ind2=" ">
            <subfield code="a">AUS-Pml</subfield>
         </datafield>
         <datafield tag="043" ind1=" " ind2=" ">
            <subfield code="c">AU</subfield>
         </datafield>
         <datafield tag="110" ind1="2" ind2=" ">
            <subfield code="a">State Library of Western Australia</subfield>
            <subfield code="c">Perth</subfield>
            <subfield code="g">AUS-Pml</subfield>
         </datafield>
         <datafield tag="410" ind1="2" ind2=" ">
            <subfield code="a">Central Music Library</subfield>
         </datafield>
         <datafield tag="622" ind1=" " ind2=" ">
            <subfield code="e">State Library of Western Australia, Perth Cultural Centre, 25 Francis Street, Perth WA 6000, Australia</subfield>
            <subfield code="u">http://www.liswa.wa.gov.au</subfield>
         </datafield>
      </record>