
      <record>
         <leader>00000nz  a2200169   4500</leader>
         <controlfield tag="001">30006097</controlfield>
         <controlfield tag="003">RISM</controlfield>
         <controlfield tag="005">20160216</controlfield>
         <controlfield tag="008">160216n||az|||||||##########||||||||||||</controlfield>
         <datafield tag="040" ind1=" " ind2=" ">
            <subfield code="a">AUS-Psl</subfield>
         </datafield>
         <datafield tag="043" ind1=" " ind2=" ">
            <subfield code="c">XE-AU</subfield>
         </datafield>
         <datafield tag="110" ind1="2" ind2=" ">
            <subfield code="a">State Library of Western Australia</subfield>
            <subfield code="c">Perth, Western Australia</subfield>
            <subfield code="g">AUS-Psl</subfield>
         </datafield>
      </record>