
      <record>
         <leader>00000nz  a2200169   4500</leader>
         <controlfield tag="001">30004310</controlfield>
         <controlfield tag="003">RISM</controlfield>
         <controlfield tag="005">20160216</controlfield>
         <controlfield tag="008">160216n||az|||||||##########||||||||||||</controlfield>
         <datafield tag="040" ind1=" " ind2=" ">
            <subfield code="a">AUS-Sac</subfield>
         </datafield>
         <datafield tag="043" ind1=" " ind2=" ">
            <subfield code="c">XE-AU</subfield>
         </datafield>
         <datafield tag="110" ind1="2" ind2=" ">
            <subfield code="a">Australia Council, Library</subfield>
            <subfield code="c">Sydney</subfield>
            <subfield code="g">AUS-Sac</subfield>
         </datafield>
         <datafield tag="410" ind1="2" ind2=" ">
            <subfield code="a">Australian Council for the Arts</subfield>
         </datafield>
         <datafield tag="622" ind1=" " ind2=" ">
            <subfield code="e">Australia Council, Library, P. O. Box 302, North Sydney 2060</subfield>
         </datafield>
      </record>