
      <record>
         <leader>00000nz  a2200169   4500</leader>
         <controlfield tag="001">30004312</controlfield>
         <controlfield tag="003">RISM</controlfield>
         <controlfield tag="005">20160216</controlfield>
         <controlfield tag="008">160216n||az|||||||##########||||||||||||</controlfield>
         <datafield tag="040" ind1=" " ind2=" ">
            <subfield code="a">AUS-Sb</subfield>
         </datafield>
         <datafield tag="043" ind1=" " ind2=" ">
            <subfield code="c">XE-AU</subfield>
         </datafield>
         <datafield tag="110" ind1="2" ind2=" ">
            <subfield code="a">Symphony Services Music Library</subfield>
            <subfield code="c">Sydney</subfield>
            <subfield code="g">AUS-Sb</subfield>
         </datafield>
         <datafield tag="410" ind1="2" ind2=" ">
            <subfield code="a">Formerly: Symphony Australia Library</subfield>
         </datafield>
         <datafield tag="410" ind1="2" ind2=" ">
            <subfield code="a">Formerly: Australian Broadcasting Corporation Federal Music Library</subfield>
         </datafield>
         <datafield tag="622" ind1=" " ind2=" ">
            <subfield code="e">Symphony Services Music Library, 1 Oxford Street, Darlinghurst NSW 2010, Australia</subfield>
            <subfield code="u">http://symphonyinternational.net/music-library/</subfield>
         </datafield>
      </record>