
      <record>
         <leader>00000nz  a2200169   4500</leader>
         <controlfield tag="001">30000422</controlfield>
         <controlfield tag="003">RISM</controlfield>
         <controlfield tag="005">20160216</controlfield>
         <controlfield tag="008">160216n||az|||||||##########||||||||||||</controlfield>
         <datafield tag="040" ind1=" " ind2=" ">
            <subfield code="a">AUS-Scm</subfield>
         </datafield>
         <datafield tag="043" ind1=" " ind2=" ">
            <subfield code="c">XE-AU</subfield>
         </datafield>
         <datafield tag="110" ind1="2" ind2=" ">
            <subfield code="a">Sydney Conservatorium of Music, Library - University of Sydney</subfield>
            <subfield code="c">Sydney</subfield>
            <subfield code="g">AUS-Scm</subfield>
         </datafield>
         <datafield tag="410" ind1="2" ind2=" ">
            <subfield code="a">New South Wales State Conservatorium of Music</subfield>
         </datafield>
         <datafield tag="622" ind1=" " ind2=" ">
            <subfield code="e">Sydney Conservatorium of Music, Library,  - University of Sydney, Cnr Bridge &amp; Macquarie Street, Sydney NSW 2000, Australia</subfield>
            <subfield code="u">http://www.library.usyd.edu.au/libraries/conservatorium/</subfield>
         </datafield>
      </record>