
      <record>
         <leader>00000nz  a2200169   4500</leader>
         <controlfield tag="001">30000423</controlfield>
         <controlfield tag="003">RISM</controlfield>
         <controlfield tag="005">20160216</controlfield>
         <controlfield tag="008">160216n||az|||||||##########||||||||||||</controlfield>
         <datafield tag="040" ind1=" " ind2=" ">
            <subfield code="a">AUS-Sfl</subfield>
         </datafield>
         <datafield tag="043" ind1=" " ind2=" ">
            <subfield code="c">XE-AU</subfield>
         </datafield>
         <datafield tag="110" ind1="2" ind2=" ">
            <subfield code="a">Fisher Library, University of Sydney</subfield>
            <subfield code="c">Sydney</subfield>
            <subfield code="g">AUS-Sfl</subfield>
         </datafield>
         <datafield tag="410" ind1="2" ind2=" ">
            <subfield code="a">Rare Books and Special Collections Library, University of Sydney</subfield>
         </datafield>
         <datafield tag="622" ind1=" " ind2=" ">
            <subfield code="e">Fisher Library, University of Sydney, Camperdown Campus, Eastern Avenue F03, Sydney NSW 2006, Australia</subfield>
            <subfield code="u">http://www.library.usyd.edu.au/libraries/fisher/</subfield>
         </datafield>
      </record>