
      <record>
         <leader>00000nz  a2200169   4500</leader>
         <controlfield tag="001">30000424</controlfield>
         <controlfield tag="003">RISM</controlfield>
         <controlfield tag="005">20160216</controlfield>
         <controlfield tag="008">160216n||az|||||||##########||||||||||||</controlfield>
         <datafield tag="040" ind1=" " ind2=" ">
            <subfield code="a">AUS-SLu</subfield>
         </datafield>
         <datafield tag="043" ind1=" " ind2=" ">
            <subfield code="c">XE-AU</subfield>
         </datafield>
         <datafield tag="110" ind1="2" ind2=" ">
            <subfield code="a">Architecture/Music Library, University of Queensland</subfield>
            <subfield code="c">St. Lucia</subfield>
            <subfield code="g">AUS-SLu</subfield>
         </datafield>
         <datafield tag="622" ind1=" " ind2=" ">
            <subfield code="e">Architecture/Music Library, University, of Queensland, St. Lucia 4067</subfield>
         </datafield>
      </record>