
      <record>
         <leader>00000nz  a2200169   4500</leader>
         <controlfield tag="001">30004316</controlfield>
         <controlfield tag="003">RISM</controlfield>
         <controlfield tag="005">20160216</controlfield>
         <controlfield tag="008">160216n||az|||||||##########||||||||||||</controlfield>
         <datafield tag="040" ind1=" " ind2=" ">
            <subfield code="a">AUS-Sml</subfield>
         </datafield>
         <datafield tag="043" ind1=" " ind2=" ">
            <subfield code="c">XE-AU</subfield>
         </datafield>
         <datafield tag="110" ind1="2" ind2=" ">
            <subfield code="a">Music Branch Library, University of Sydney</subfield>
            <subfield code="c">Sydney</subfield>
            <subfield code="g">AUS-Sml</subfield>
         </datafield>
         <datafield tag="622" ind1=" " ind2=" ">
            <subfield code="e">Music Branch Library, University of, Sydney, Seymour Centre, Sydney 2006</subfield>
         </datafield>
      </record>