
      <record>
         <leader>00000nz  a2200169   4500</leader>
         <controlfield tag="001">30004313</controlfield>
         <controlfield tag="003">RISM</controlfield>
         <controlfield tag="005">20160216</controlfield>
         <controlfield tag="008">160216n||az|||||||##########||||||||||||</controlfield>
         <datafield tag="040" ind1=" " ind2=" ">
            <subfield code="a">AUS-So</subfield>
         </datafield>
         <datafield tag="043" ind1=" " ind2=" ">
            <subfield code="c">XE-AU</subfield>
         </datafield>
         <datafield tag="110" ind1="2" ind2=" ">
            <subfield code="a">The Australian Opera, Library</subfield>
            <subfield code="c">Sydney</subfield>
            <subfield code="g">AUS-So</subfield>
         </datafield>
         <datafield tag="410" ind1="2" ind2=" ">
            <subfield code="a">The Elizabethan Trust Opera Company</subfield>
         </datafield>
         <datafield tag="622" ind1=" " ind2=" ">
            <subfield code="e">The Australian Opera, Library, 569 George Street, Sydney 2000</subfield>
         </datafield>
      </record>