
      <record>
         <leader>00000nz  a2200169   4500</leader>
         <controlfield tag="001">30004315</controlfield>
         <controlfield tag="003">RISM</controlfield>
         <controlfield tag="005">20160216</controlfield>
         <controlfield tag="008">160216n||az|||||||##########||||||||||||</controlfield>
         <datafield tag="040" ind1=" " ind2=" ">
            <subfield code="a">AUS-Swl</subfield>
         </datafield>
         <datafield tag="043" ind1=" " ind2=" ">
            <subfield code="c">XE-AU</subfield>
         </datafield>
         <datafield tag="110" ind1="2" ind2=" ">
            <subfield code="a">Denis Wolanski Library and Archives of the Performing Arts, Sydney Opera House</subfield>
            <subfield code="c">Sydney</subfield>
            <subfield code="g">AUS-Swl</subfield>
         </datafield>
         <datafield tag="622" ind1=" " ind2=" ">
            <subfield code="e">Denis Wolanski Library and Archives of, the Performing Arts, Sydney Opera House, Box 4274 G. P. O., Sydney 2001</subfield>
         </datafield>
      </record>