
      <record>
         <leader>00000nz  a2200169   4500</leader>
         <controlfield tag="001">30000425</controlfield>
         <controlfield tag="003">RISM</controlfield>
         <controlfield tag="005">20160216</controlfield>
         <controlfield tag="008">160216n||az|||||||##########||||||||||||</controlfield>
         <datafield tag="040" ind1=" " ind2=" ">
            <subfield code="a">AUS-Uma</subfield>
         </datafield>
         <datafield tag="043" ind1=" " ind2=" ">
            <subfield code="c">XE-AU</subfield>
         </datafield>
         <datafield tag="110" ind1="2" ind2=" ">
            <subfield code="a">Museum of Applied Arts and Sciences</subfield>
            <subfield code="c">Ultimo</subfield>
            <subfield code="g">AUS-Uma</subfield>
         </datafield>
         <datafield tag="410" ind1="2" ind2=" ">
            <subfield code="a">Museum of Technology and Applied Science</subfield>
         </datafield>
         <datafield tag="622" ind1=" " ind2=" ">
            <subfield code="e">Museum of Applied Arts and Sciences, 659-695 Harris Street, Broadway 2007</subfield>
         </datafield>
      </record>
   </collection>

